<?xml version="1.0" encoding="UTF-8"?><collection xmlns="http://www.loc.gov/MARC21/slim"><record><leader>00553nam--2200193-u-4500</leader><controlfield tag="001">000056753</controlfield><controlfield tag="002">20190530</controlfield><controlfield tag="005">20190530090916</controlfield><controlfield tag="008">190530s1000------------r-----000-0-rum-d</controlfield><datafield ind1=" " ind2=" " tag="040"><subfield code="a">IFIN-HH</subfield></datafield><datafield ind1=" " ind2=" " tag="041"><subfield code="a">rum</subfield></datafield><datafield ind1="1" ind2=" " tag="100"><subfield code="a">Stanasila,Octavian</subfield></datafield><datafield ind1="1" ind2="0" tag="245"><subfield code="a">Analiza matematica. Colectia "Carti mari ale Scolii Romanesti"</subfield><subfield code="c">Octavian Stanasila</subfield></datafield><datafield ind1=" " ind2=" " tag="250"><subfield code="a">Editia definitiva</subfield></datafield><datafield ind1=" " ind2=" " tag="260"><subfield code="a">Bucuresti</subfield><subfield code="b">Fundatia Floarea Darurilor</subfield><subfield code="c">2014</subfield></datafield><datafield ind1=" " ind2=" " tag="300"><subfield code="a">316 p</subfield></datafield><datafield ind1=" " ind2=" " tag="500"><subfield code="a">Donatia dr. ing. Liviu Jalba</subfield></datafield><datafield ind1=" " ind2=" " tag="852"><subfield code="a">82750</subfield><subfield code="c">517</subfield></datafield><datafield ind1=" " ind2=" " tag="CAT"><subfield code="a">SYS</subfield><subfield code="c">20190530</subfield><subfield code="h">090916</subfield></datafield></record></collection>